@article{segnet,
  author    = {Vijay Badrinarayanan and
               Alex Kendall and
               Roberto Cipolla},
  title     = {SegNet: {A} Deep Convolutional Encoder-Decoder Architecture for Image		
               Segmentation},
  journal   = {CoRR},
  volume    = {abs/1511.00561},
  year      = {2015},
  url       = {http://arxiv.org/abs/1511.00561},
  archivePrefix = {arXiv},
  eprint    = {1511.00561},
  timestamp = {Wed, 07 Jun 2017 14:40:10 +0200},
  biburl    = {http://dblp.org/rec/bib/journals/corr/BadrinarayananK15},
  bibsource = {dblp computer science bibliography, http://dblp.org}
}

@misc{leo,
  author = {Leonardo Araujosantos},
  title = {{Learn Segmentation}},
  howpublished = "\url{https://github.com/leonardoaraujosantos/LearnSegmentation}",
  year = {2017}
  }

@ARTICLE{segnet2,
   author = {{Badrinarayanan}, V. and {Handa}, A. and {Cipolla}, R.},
    title = "{SegNet: A Deep Convolutional Encoder-Decoder Architecture for Robust Semantic Pixel-Wise Labelling}",
  journal = {ArXiv e-prints},
archivePrefix = "arXiv",
   eprint = {1505.07293},
 primaryClass = "cs.CV",
 keywords = {Computer Science - Computer Vision and Pattern Recognition},
     year = 2015,
    month = may,
   adsurl = {http://adsabs.harvard.edu/abs/2015arXiv150507293B},
  adsnote = {Provided by the SAO/NASA Astrophysics Data System}
}
